<record><leader>00000cas a2200000 a 4500</leader><controlfield tag="001">13105047</controlfield><controlfield tag="008">860204d18891896inudr ne      0    0eng d</controlfield><datafield ind1=" " ind2=" " tag="010"><subfield code="a">sn 86063058 </subfield></datafield><datafield ind1=" " ind2=" " tag="040"><subfield code="a">KSH</subfield><subfield code="b">eng</subfield><subfield code="c">KSH</subfield><subfield code="d">NPT</subfield><subfield code="d">NPI</subfield><subfield code="d">DLC</subfield><subfield code="d">OCL</subfield><subfield code="d">OCLCQ</subfield><subfield code="d">IUL</subfield><subfield code="d">OCLCF</subfield></datafield><datafield ind1="1" ind2=" " tag="029"><subfield code="a">AU@</subfield><subfield code="b">000020431287</subfield></datafield><datafield ind1=" " ind2=" " tag="042"><subfield code="a">msc</subfield></datafield><datafield ind1=" " ind2=" " tag="043"><subfield code="a">n-us-in</subfield></datafield><datafield ind1="0" ind2=" " tag="130"><subfield code="a">Morning journal (Lafayette, Ind.)</subfield></datafield><datafield ind1="1" ind2="0" tag="245"><subfield code="a">Morning journal.</subfield></datafield><datafield ind1=" " ind2=" " tag="260"><subfield code="a">Lafayette, Ind. :</subfield><subfield code="b">J.W. French, W. Bent Wilson,</subfield><subfield code="c">-1896.</subfield></datafield><datafield ind1=" " ind2=" " tag="300"><subfield code="a">volumes</subfield></datafield><datafield ind1=" " ind2=" " tag="310"><subfield code="a">Daily</subfield></datafield><datafield ind1="1" ind2=" " tag="362"><subfield code="a">Began in 1889.</subfield></datafield><datafield ind1="0" ind2=" " tag="362"><subfield code="a">-67th year, no. 26 (Nov. 4, 1896).</subfield></datafield><datafield ind1=" " ind2=" " tag="500"><subfield code="a">Friday issue is "daily and weekly edition."</subfield></datafield><datafield ind1=" " ind2=" " tag="580"><subfield code="a">Also published in a weekly edition called: Lafayette weekly journal (Lafayette, Ind. : 1887); and, The Weekly journal (Lafayette, Ind. : 1890).</subfield></datafield><datafield ind1=" " ind2=" " tag="588"><subfield code="a">Description based on: Vol. 60, no. 252 (July 1, 1889).</subfield></datafield><datafield ind1=" " ind2="0" tag="651"><subfield code="a">Lafayette (Ind.)</subfield><subfield code="v">Newspapers.</subfield></datafield><datafield ind1=" " ind2="0" tag="651"><subfield code="a">Tippecanoe County (Ind.)</subfield><subfield code="v">Newspapers.</subfield></datafield><datafield ind1=" " ind2="7" tag="651"><subfield code="a">Indiana</subfield><subfield code="z">Lafayette.</subfield><subfield code="2">fast</subfield><subfield code="0">(OCoLC)fst01204553</subfield></datafield><datafield ind1=" " ind2="7" tag="651"><subfield code="a">Indiana</subfield><subfield code="z">Tippecanoe County.</subfield><subfield code="2">fast</subfield><subfield code="0">(OCoLC)fst01213782</subfield></datafield><datafield ind1=" " ind2="7" tag="655"><subfield code="a">Newspapers.</subfield><subfield code="2">fast</subfield><subfield code="0">(OCoLC)fst01423814</subfield></datafield><datafield ind1=" " ind2=" " tag="752"><subfield code="a">United States</subfield><subfield code="b">Indiana</subfield><subfield code="c">Tippecanoe</subfield><subfield code="d">Lafayette.</subfield></datafield><datafield ind1="1" ind2=" " tag="775"><subfield code="t">La Fayette weekly journal (Lafayette, Ind. : 1887)</subfield><subfield code="w">(DLC)sn 84023989</subfield><subfield code="w">(OCoLC)11109979</subfield></datafield><datafield ind1="1" ind2=" " tag="775"><subfield code="t">Weekly journal (Lafayette, Ind. : 1890)</subfield><subfield code="w">(DLC)sn 86059109</subfield><subfield code="w">(OCoLC)14961978</subfield></datafield><datafield ind1="0" ind2="0" tag="780"><subfield code="t">Lafayette daily journal</subfield><subfield code="w">(DLC)sn 82015311</subfield><subfield code="w">(OCoLC)8807813</subfield></datafield><datafield ind1="0" ind2="0" tag="785"><subfield code="t">Lafayette morning journal</subfield><subfield code="w">(DLC)sn 86059098</subfield><subfield code="w">(OCoLC)14950480</subfield></datafield></record>